<?xml version="1.0" encoding="utf-8"?>
<Document xmlns="urn:iso:std:iso:20022:tech:xsd:camt.053.001.08" xmlns:xsi="http://www.w3.org/2001/XMLSchema-instance" xsi:schemaLocation="urn:iso:std:iso:20022:tech:xsd:camt.053.001.08 ./camt.053.001.08.xsd">
<BkToCstmrStmt>
<GrpHdr>
<MsgId>2026-05-06T00.01.09/439389</MsgId>
<CreDtTm>2026-05-06T00:01:09+00:00</CreDtTm>
</GrpHdr>
<Stmt>
<Id>202605053159736SI56024530264377270</Id>
<LglSeqNb>67</LglSeqNb>
<CreDtTm>2026-05-06T00:01:09+00:00</CreDtTm>
<Acct>
<Id>
<IBAN>SI56024530264377270</IBAN>
</Id>
<Ccy>EUR</Ccy>
<Ownr>
<Nm>SIM 83 - SIMULATORJI VOŽNJE, MIHA K ADIŠ S.P.</Nm>
<PstlAdr>
<Ctry>SI</Ctry>
<AdrLine>DOBJA VAS 253</AdrLine>
<AdrLine>2390 RAVNE NA KOROŠKEM</AdrLine>
</PstlAdr>
</Ownr>
</Acct>
<Bal>
<Tp>
<CdOrPrtry>
<Cd>OPBD</Cd>
</CdOrPrtry>
</Tp>
<Amt Ccy="EUR">1225.08</Amt>
<CdtDbtInd>CRDT</CdtDbtInd>
<Dt>
<Dt>2026-05-04</Dt>
</Dt>
</Bal>
<Bal>
<Tp>
<CdOrPrtry>
<Cd>CLBD</Cd>
</CdOrPrtry>
</Tp>
<Amt Ccy="EUR">1631.08</Amt>
<CdtDbtInd>CRDT</CdtDbtInd>
<Dt>
<Dt>2026-05-05</Dt>
</Dt>
</Bal>
<TxsSummry>
<TtlCdtNtries>
<NbOfNtries>1</NbOfNtries>
<Sum>406.00</Sum>
</TtlCdtNtries>
<TtlDbtNtries>
<NbOfNtries>0</NbOfNtries>
<Sum>0.00</Sum>
</TtlDbtNtries>
</TxsSummry>
<Ntry>
<NtryRef>FT26125853115026/213104335804807/1</NtryRef>
<Amt Ccy="EUR">406.00</Amt>
<CdtDbtInd>CRDT</CdtDbtInd>
<Sts>
<Cd>BOOK</Cd>
</Sts>
<BookgDt>
<Dt>2026-05-05</Dt>
</BookgDt>
<ValDt>
<Dt>2026-05-05</Dt>
</ValDt>
<AcctSvcrRef>CR213104335804807000001</AcctSvcrRef>
<BkTxCd>
<Prtry>
<Cd>NOTPROVIDED</Cd>
</Prtry>
</BkTxCd>
<NtryDtls>
<TxDtls>
<Refs>
<InstrId>FT26125853115026</InstrId>
<EndToEndId>007-2026</EndToEndId>
<TxId>CR213104335804807000001</TxId>
</Refs>
<RltdPties>
<Dbtr>
<Pty>
<Nm>VENIS IZOBRAZEVANJA D.O.O.</Nm>
<PstlAdr>
<Ctry>SI</Ctry>
<AdrLine>LOKARJEV DREVORED 1  AJDOVSCINA 5270 GORISKA</AdrLine>
<AdrLine>-</AdrLine>
</PstlAdr>
</Pty>
</Dbtr>
<DbtrAcct>
<Id>
<IBAN>SI56610000015107806</IBAN>
</Id>
</DbtrAcct>
<Cdtr>
<Pty>
<Nm>SIM 83 - SIMULATORJI VOŽNJE, MIHA K ADIŠ S.P.</Nm>
<PstlAdr>
<Ctry>SI</Ctry>
<AdrLine>DOBJA VAS 253</AdrLine>
<AdrLine>2390 RAVNE NA KOROŠKEM</AdrLine>
</PstlAdr>
</Pty>
</Cdtr>
<CdtrAcct>
<Id>
<IBAN>SI56024530264377270</IBAN>
</Id>
</CdtrAcct>
</RltdPties>
<RltdAgts>
<DbtrAgt>
<FinInstnId>
<BICFI>HDELSI22</BICFI>
</FinInstnId>
</DbtrAgt>
<CdtrAgt>
<FinInstnId>
<BICFI>LJBASI2X</BICFI>
</FinInstnId>
</CdtrAgt>
</RltdAgts>
<Purp>
<Prtry>OTHR</Prtry>
</Purp>
<RmtInf>
<Strd>
<CdtrRefInf>
<Ref>SI000072026</Ref>
</CdtrRefInf>
<AddtlRmtInf>DRUGO</AddtlRmtInf>
</Strd>
</RmtInf>
<RltdDts>
<IntrBkSttlmDt>2026-05-05</IntrBkSttlmDt>
</RltdDts>
</TxDtls>
</NtryDtls>
</Ntry>
</Stmt>
</BkToCstmrStmt>
</Document>
