<?xml version="1.0" encoding="utf-8"?>
<Document xmlns="urn:iso:std:iso:20022:tech:xsd:camt.053.001.08" xmlns:xsi="http://www.w3.org/2001/XMLSchema-instance" xsi:schemaLocation="urn:iso:std:iso:20022:tech:xsd:camt.053.001.08 ./camt.053.001.08.xsd">
<BkToCstmrStmt>
<GrpHdr>
<MsgId>2026-05-30T00.01.11/319697</MsgId>
<CreDtTm>2026-05-30T00:01:11+00:00</CreDtTm>
</GrpHdr>
<Stmt>
<Id>202605293159736SI56024530264377270</Id>
<LglSeqNb>78</LglSeqNb>
<CreDtTm>2026-05-30T00:01:11+00:00</CreDtTm>
<Acct>
<Id>
<IBAN>SI56024530264377270</IBAN>
</Id>
<Ccy>EUR</Ccy>
<Ownr>
<Nm>SIM 83 - SIMULATORJI VOŽNJE, MIHA K ADIŠ S.P.</Nm>
<PstlAdr>
<Ctry>SI</Ctry>
<AdrLine>DOBJA VAS 253</AdrLine>
<AdrLine>2390 RAVNE NA KOROŠKEM</AdrLine>
</PstlAdr>
</Ownr>
</Acct>
<Bal>
<Tp>
<CdOrPrtry>
<Cd>OPBD</Cd>
</CdOrPrtry>
</Tp>
<Amt Ccy="EUR">3663.25</Amt>
<CdtDbtInd>CRDT</CdtDbtInd>
<Dt>
<Dt>2026-05-27</Dt>
</Dt>
</Bal>
<Bal>
<Tp>
<CdOrPrtry>
<Cd>CLBD</Cd>
</CdOrPrtry>
</Tp>
<Amt Ccy="EUR">3569.42</Amt>
<CdtDbtInd>CRDT</CdtDbtInd>
<Dt>
<Dt>2026-05-29</Dt>
</Dt>
</Bal>
<TxsSummry>
<TtlCdtNtries>
<NbOfNtries>0</NbOfNtries>
<Sum>0.00</Sum>
</TtlCdtNtries>
<TtlDbtNtries>
<NbOfNtries>4</NbOfNtries>
<Sum>93.83</Sum>
</TtlDbtNtries>
</TxsSummry>
<Ntry>
<NtryRef>FT26149879325089/213344899629166/1</NtryRef>
<Amt Ccy="EUR">27.25</Amt>
<CdtDbtInd>DBIT</CdtDbtInd>
<Sts>
<Cd>BOOK</Cd>
</Sts>
<BookgDt>
<Dt>2026-05-29</Dt>
</BookgDt>
<ValDt>
<Dt>2026-05-27</Dt>
</ValDt>
<AcctSvcrRef>DR213344899629166000001</AcctSvcrRef>
<BkTxCd>
<Prtry>
<Cd>NOTPROVIDED</Cd>
</Prtry>
</BkTxCd>
<NtryDtls>
<TxDtls>
<Refs>
<InstrId>FT26149879325089</InstrId>
<EndToEndId>NOTPROVIDED</EndToEndId>
<TxId>DR213344899629166000001</TxId>
</Refs>
<RltdPties>
<Dbtr>
<Pty>
<Nm>SIM 83 - SIMULATORJI VOŽNJE, MIHA K ADIŠ S.P.</Nm>
<PstlAdr>
<Ctry>SI</Ctry>
<AdrLine>DOBJA VAS 253</AdrLine>
<AdrLine>2390 RAVNE NA KOROŠKEM</AdrLine>
</PstlAdr>
</Pty>
</Dbtr>
<DbtrAcct>
<Id>
<IBAN>SI56024530264377270</IBAN>
</Id>
</DbtrAcct>
<Cdtr>
<Pty>
<Nm>-</Nm>
<PstlAdr>
<Ctry>SI</Ctry>
<AdrLine>-</AdrLine>
<AdrLine>-</AdrLine>
</PstlAdr>
</Pty>
</Cdtr>
<CdtrAcct>
<Id>
<Othr>
<Id>-</Id>
</Othr>
</Id>
</CdtrAcct>
</RltdPties>
<Purp>
<Cd>OTHR</Cd>
</Purp>
<RmtInf>
<Strd>
<CdtrRefInf>
<Ref>SI00</Ref>
</CdtrRefInf>
<AddtlRmtInf>INTER DISKONT TRGOVINARAVNE NA KOROSVN4466173510263639</AddtlRmtInf>
</Strd>
</RmtInf>
<RltdDts>
<IntrBkSttlmDt>2026-05-27</IntrBkSttlmDt>
</RltdDts>
</TxDtls>
</NtryDtls>
</Ntry>
<Ntry>
<NtryRef>FT26149879325159/213344899629166/1</NtryRef>
<Amt Ccy="EUR">26.43</Amt>
<CdtDbtInd>DBIT</CdtDbtInd>
<Sts>
<Cd>BOOK</Cd>
</Sts>
<BookgDt>
<Dt>2026-05-29</Dt>
</BookgDt>
<ValDt>
<Dt>2026-05-27</Dt>
</ValDt>
<AcctSvcrRef>DR213344899629166060001</AcctSvcrRef>
<BkTxCd>
<Prtry>
<Cd>NOTPROVIDED</Cd>
</Prtry>
</BkTxCd>
<NtryDtls>
<TxDtls>
<Refs>
<InstrId>FT26149879325159</InstrId>
<EndToEndId>NOTPROVIDED</EndToEndId>
<TxId>DR213344899629166060001</TxId>
</Refs>
<RltdPties>
<Dbtr>
<Pty>
<Nm>SIM 83 - SIMULATORJI VOŽNJE, MIHA K ADIŠ S.P.</Nm>
<PstlAdr>
<Ctry>SI</Ctry>
<AdrLine>DOBJA VAS 253</AdrLine>
<AdrLine>2390 RAVNE NA KOROŠKEM</AdrLine>
</PstlAdr>
</Pty>
</Dbtr>
<DbtrAcct>
<Id>
<IBAN>SI56024530264377270</IBAN>
</Id>
</DbtrAcct>
<Cdtr>
<Pty>
<Nm>-</Nm>
<PstlAdr>
<Ctry>SI</Ctry>
<AdrLine>-</AdrLine>
<AdrLine>-</AdrLine>
</PstlAdr>
</Pty>
</Cdtr>
<CdtrAcct>
<Id>
<Othr>
<Id>-</Id>
</Othr>
</Id>
</CdtrAcct>
</RltdPties>
<Purp>
<Cd>OTHR</Cd>
</Purp>
<RmtInf>
<Strd>
<CdtrRefInf>
<Ref>SI00</Ref>
</CdtrRefInf>
<AddtlRmtInf>GOMBAC Izola        IzolaSVN4466173510263639</AddtlRmtInf>
</Strd>
</RmtInf>
<RltdDts>
<IntrBkSttlmDt>2026-05-27</IntrBkSttlmDt>
</RltdDts>
</TxDtls>
</NtryDtls>
</Ntry>
<Ntry>
<NtryRef>FT26149879325164/213344899629166/1</NtryRef>
<Amt Ccy="EUR">33.15</Amt>
<CdtDbtInd>DBIT</CdtDbtInd>
<Sts>
<Cd>BOOK</Cd>
</Sts>
<BookgDt>
<Dt>2026-05-29</Dt>
</BookgDt>
<ValDt>
<Dt>2026-05-27</Dt>
</ValDt>
<AcctSvcrRef>DR213344899629166120001</AcctSvcrRef>
<BkTxCd>
<Prtry>
<Cd>NOTPROVIDED</Cd>
</Prtry>
</BkTxCd>
<NtryDtls>
<TxDtls>
<Refs>
<InstrId>FT26149879325164</InstrId>
<EndToEndId>NOTPROVIDED</EndToEndId>
<TxId>DR213344899629166120001</TxId>
</Refs>
<RltdPties>
<Dbtr>
<Pty>
<Nm>SIM 83 - SIMULATORJI VOŽNJE, MIHA K ADIŠ S.P.</Nm>
<PstlAdr>
<Ctry>SI</Ctry>
<AdrLine>DOBJA VAS 253</AdrLine>
<AdrLine>2390 RAVNE NA KOROŠKEM</AdrLine>
</PstlAdr>
</Pty>
</Dbtr>
<DbtrAcct>
<Id>
<IBAN>SI56024530264377270</IBAN>
</Id>
</DbtrAcct>
<Cdtr>
<Pty>
<Nm>-</Nm>
<PstlAdr>
<Ctry>SI</Ctry>
<AdrLine>-</AdrLine>
<AdrLine>-</AdrLine>
</PstlAdr>
</Pty>
</Cdtr>
<CdtrAcct>
<Id>
<Othr>
<Id>-</Id>
</Othr>
</Id>
</CdtrAcct>
</RltdPties>
<Purp>
<Cd>OTHR</Cd>
</Purp>
<RmtInf>
<Strd>
<CdtrRefInf>
<Ref>SI00</Ref>
</CdtrRefInf>
<AddtlRmtInf>WWW.KAMM.SI 04132388041323880SVN4466173510263639</AddtlRmtInf>
</Strd>
</RmtInf>
<RltdDts>
<IntrBkSttlmDt>2026-05-27</IntrBkSttlmDt>
</RltdDts>
</TxDtls>
</NtryDtls>
</Ntry>
<Ntry>
<NtryRef>2763261/213355741601616/1</NtryRef>
<Amt Ccy="EUR">7.00</Amt>
<CdtDbtInd>DBIT</CdtDbtInd>
<Sts>
<Cd>BOOK</Cd>
</Sts>
<BookgDt>
<Dt>2026-05-29</Dt>
</BookgDt>
<ValDt>
<Dt>2026-05-31</Dt>
</ValDt>
<AcctSvcrRef>DR213355741601616030001</AcctSvcrRef>
<BkTxCd>
<Prtry>
<Cd>NOTPROVIDED</Cd>
</Prtry>
</BkTxCd>
<NtryDtls>
<TxDtls>
<Refs>
<InstrId>2763261</InstrId>
<EndToEndId>NOTPROVIDED</EndToEndId>
<TxId>DR213355741601616030001</TxId>
</Refs>
<RltdPties>
<Dbtr>
<Pty>
<Nm>SIM 83 - SIMULATORJI VOŽNJE, MIHA K ADIŠ S.P.</Nm>
<PstlAdr>
<Ctry>SI</Ctry>
<AdrLine>DOBJA VAS 253</AdrLine>
<AdrLine>2390 RAVNE NA KOROŠKEM</AdrLine>
</PstlAdr>
</Pty>
</Dbtr>
<DbtrAcct>
<Id>
<IBAN>SI56024530264377270</IBAN>
</Id>
</DbtrAcct>
<Cdtr>
<Pty>
<Nm>NLB D.D.</Nm>
<PstlAdr>
<Ctry>SI</Ctry>
<AdrLine>-</AdrLine>
<AdrLine>-</AdrLine>
</PstlAdr>
</Pty>
</Cdtr>
<CdtrAcct>
<Id>
<Othr>
<Id>029000000200020</Id>
</Othr>
</Id>
</CdtrAcct>
</RltdPties>
<Purp>
<Prtry>FCOL</Prtry>
</Purp>
<RmtInf>
<Strd>
<CdtrRefInf>
<Ref>SI00</Ref>
</CdtrRefInf>
<AddtlRmtInf>POSLOVNI PAKET OSNOVNI 2</AddtlRmtInf>
</Strd>
</RmtInf>
<RltdDts>
<IntrBkSttlmDt>2026-05-31</IntrBkSttlmDt>
</RltdDts>
</TxDtls>
</NtryDtls>
</Ntry>
</Stmt>
</BkToCstmrStmt>
</Document>
