<?xml version="1.0" encoding="utf-8"?>
<Document xmlns="urn:iso:std:iso:20022:tech:xsd:camt.053.001.08" xmlns:xsi="http://www.w3.org/2001/XMLSchema-instance" xsi:schemaLocation="urn:iso:std:iso:20022:tech:xsd:camt.053.001.08 ./camt.053.001.08.xsd">
<BkToCstmrStmt>
<GrpHdr>
<MsgId>2026-05-26T00.34.11/626010</MsgId>
<CreDtTm>2026-05-26T00:34:11+00:00</CreDtTm>
</GrpHdr>
<Stmt>
<Id>202605253159736SI56024530264377270</Id>
<LglSeqNb>75</LglSeqNb>
<CreDtTm>2026-05-26T00:34:11+00:00</CreDtTm>
<Acct>
<Id>
<IBAN>SI56024530264377270</IBAN>
</Id>
<Ccy>EUR</Ccy>
<Ownr>
<Nm>SIM 83 - SIMULATORJI VOŽNJE, MIHA K ADIŠ S.P.</Nm>
<PstlAdr>
<Ctry>SI</Ctry>
<AdrLine>DOBJA VAS 253</AdrLine>
<AdrLine>2390 RAVNE NA KOROŠKEM</AdrLine>
</PstlAdr>
</Ownr>
</Acct>
<Bal>
<Tp>
<CdOrPrtry>
<Cd>OPBD</Cd>
</CdOrPrtry>
</Tp>
<Amt Ccy="EUR">3786.70</Amt>
<CdtDbtInd>CRDT</CdtDbtInd>
<Dt>
<Dt>2026-05-22</Dt>
</Dt>
</Bal>
<Bal>
<Tp>
<CdOrPrtry>
<Cd>CLBD</Cd>
</CdOrPrtry>
</Tp>
<Amt Ccy="EUR">3807.48</Amt>
<CdtDbtInd>CRDT</CdtDbtInd>
<Dt>
<Dt>2026-05-25</Dt>
</Dt>
</Bal>
<TxsSummry>
<TtlCdtNtries>
<NbOfNtries>1</NbOfNtries>
<Sum>366.00</Sum>
</TtlCdtNtries>
<TtlDbtNtries>
<NbOfNtries>1</NbOfNtries>
<Sum>345.22</Sum>
</TtlDbtNtries>
</TxsSummry>
<Ntry>
<NtryRef>FT26145848341182/213291017456459/3</NtryRef>
<Amt Ccy="EUR">366.00</Amt>
<CdtDbtInd>CRDT</CdtDbtInd>
<Sts>
<Cd>BOOK</Cd>
</Sts>
<BookgDt>
<Dt>2026-05-25</Dt>
</BookgDt>
<ValDt>
<Dt>2026-05-24</Dt>
</ValDt>
<AcctSvcrRef>CR213291017456459000003</AcctSvcrRef>
<BkTxCd>
<Prtry>
<Cd>NOTPROVIDED</Cd>
</Prtry>
</BkTxCd>
<NtryDtls>
<TxDtls>
<Refs>
<InstrId>FT26145848341182</InstrId>
<EndToEndId>0192026</EndToEndId>
<TxId>CR213291017456459000003</TxId>
</Refs>
<RltdPties>
<Dbtr>
<Pty>
<Nm>ANDREJ GRUBELNIK S.P.</Nm>
<PstlAdr>
<Ctry>SI</Ctry>
<AdrLine>PODGORA 22A  KOTLJE</AdrLine>
<AdrLine>-</AdrLine>
</PstlAdr>
</Pty>
</Dbtr>
<DbtrAcct>
<Id>
<IBAN>SI56024550264307720</IBAN>
</Id>
</DbtrAcct>
<Cdtr>
<Pty>
<Nm>SIM 83 - SIMULATORJI VOŽNJE, MIHA K ADIŠ S.P.</Nm>
<PstlAdr>
<Ctry>SI</Ctry>
<AdrLine>DOBJA VAS 253</AdrLine>
<AdrLine>2390 RAVNE NA KOROŠKEM</AdrLine>
</PstlAdr>
</Pty>
</Cdtr>
<CdtrAcct>
<Id>
<IBAN>SI56024530264377270</IBAN>
</Id>
</CdtrAcct>
</RltdPties>
<RltdAgts>
<DbtrAgt>
<FinInstnId>
<BICFI>LJBASI2X</BICFI>
</FinInstnId>
</DbtrAgt>
<CdtrAgt>
<FinInstnId>
<BICFI>LJBASI2X</BICFI>
</FinInstnId>
</CdtrAgt>
</RltdAgts>
<Purp>
<Prtry>OTHR</Prtry>
</Purp>
<RmtInf>
<Strd>
<CdtrRefInf>
<Ref>SI000192026</Ref>
</CdtrRefInf>
<AddtlRmtInf>PLACILO RACUNA 019-2026</AddtlRmtInf>
</Strd>
</RmtInf>
<RltdDts>
<IntrBkSttlmDt>2026-05-25</IntrBkSttlmDt>
</RltdDts>
</TxDtls>
</NtryDtls>
</Ntry>
<Ntry>
<NtryRef>FT26145945052291/213303981529352/1</NtryRef>
<Amt Ccy="EUR">345.22</Amt>
<CdtDbtInd>DBIT</CdtDbtInd>
<Sts>
<Cd>BOOK</Cd>
</Sts>
<BookgDt>
<Dt>2026-05-25</Dt>
</BookgDt>
<ValDt>
<Dt>2026-05-20</Dt>
</ValDt>
<AcctSvcrRef>DR213303981529352250001</AcctSvcrRef>
<BkTxCd>
<Prtry>
<Cd>NOTPROVIDED</Cd>
</Prtry>
</BkTxCd>
<NtryDtls>
<TxDtls>
<Refs>
<InstrId>FT26145945052291</InstrId>
<EndToEndId>NOTPROVIDED</EndToEndId>
<TxId>DR213303981529352250001</TxId>
</Refs>
<RltdPties>
<Dbtr>
<Pty>
<Nm>SIM 83 - SIMULATORJI VOŽNJE, MIHA K ADIŠ S.P.</Nm>
<PstlAdr>
<Ctry>SI</Ctry>
<AdrLine>DOBJA VAS 253</AdrLine>
<AdrLine>2390 RAVNE NA KOROŠKEM</AdrLine>
</PstlAdr>
</Pty>
</Dbtr>
<DbtrAcct>
<Id>
<IBAN>SI56024530264377270</IBAN>
</Id>
</DbtrAcct>
<Cdtr>
<Pty>
<Nm>-</Nm>
<PstlAdr>
<Ctry>SI</Ctry>
<AdrLine>-</AdrLine>
<AdrLine>-</AdrLine>
</PstlAdr>
</Pty>
</Cdtr>
<CdtrAcct>
<Id>
<Othr>
<Id>-</Id>
</Othr>
</Id>
</CdtrAcct>
</RltdPties>
<Purp>
<Cd>OTHR</Cd>
</Purp>
<RmtInf>
<Strd>
<CdtrRefInf>
<Ref>SI00</Ref>
</CdtrRefInf>
<AddtlRmtInf>FINANCNA UPRAVA REPUBLLjubljanaSVN4466173510263639</AddtlRmtInf>
</Strd>
</RmtInf>
<RltdDts>
<IntrBkSttlmDt>2026-05-20</IntrBkSttlmDt>
</RltdDts>
</TxDtls>
</NtryDtls>
</Ntry>
</Stmt>
</BkToCstmrStmt>
</Document>
