<?xml version="1.0" encoding="utf-8"?>
<Document xmlns="urn:iso:std:iso:20022:tech:xsd:camt.053.001.08" xmlns:xsi="http://www.w3.org/2001/XMLSchema-instance" xsi:schemaLocation="urn:iso:std:iso:20022:tech:xsd:camt.053.001.08 ./camt.053.001.08.xsd">
<BkToCstmrStmt>
<GrpHdr>
<MsgId>2026-05-19T00.01.09/218945</MsgId>
<CreDtTm>2026-05-19T00:01:09+00:00</CreDtTm>
</GrpHdr>
<Stmt>
<Id>202605183159736SI56024530264377270</Id>
<LglSeqNb>72</LglSeqNb>
<CreDtTm>2026-05-19T00:01:09+00:00</CreDtTm>
<Acct>
<Id>
<IBAN>SI56024530264377270</IBAN>
</Id>
<Ccy>EUR</Ccy>
<Ownr>
<Nm>SIM 83 - SIMULATORJI VOŽNJE, MIHA K ADIŠ S.P.</Nm>
<PstlAdr>
<Ctry>SI</Ctry>
<AdrLine>DOBJA VAS 253</AdrLine>
<AdrLine>2390 RAVNE NA KOROŠKEM</AdrLine>
</PstlAdr>
</Ownr>
</Acct>
<Bal>
<Tp>
<CdOrPrtry>
<Cd>OPBD</Cd>
</CdOrPrtry>
</Tp>
<Amt Ccy="EUR">1340.84</Amt>
<CdtDbtInd>CRDT</CdtDbtInd>
<Dt>
<Dt>2026-05-14</Dt>
</Dt>
</Bal>
<Bal>
<Tp>
<CdOrPrtry>
<Cd>CLBD</Cd>
</CdOrPrtry>
</Tp>
<Amt Ccy="EUR">3979.11</Amt>
<CdtDbtInd>CRDT</CdtDbtInd>
<Dt>
<Dt>2026-05-18</Dt>
</Dt>
</Bal>
<TxsSummry>
<TtlCdtNtries>
<NbOfNtries>1</NbOfNtries>
<Sum>2700.00</Sum>
</TtlCdtNtries>
<TtlDbtNtries>
<NbOfNtries>2</NbOfNtries>
<Sum>61.73</Sum>
</TtlDbtNtries>
</TxsSummry>
<Ntry>
<NtryRef>FT26138077102250/213228060273594/1</NtryRef>
<Amt Ccy="EUR">2700.00</Amt>
<CdtDbtInd>CRDT</CdtDbtInd>
<Sts>
<Cd>BOOK</Cd>
</Sts>
<BookgDt>
<Dt>2026-05-18</Dt>
</BookgDt>
<ValDt>
<Dt>2026-05-17</Dt>
</ValDt>
<AcctSvcrRef>CR213228060273594000001</AcctSvcrRef>
<BkTxCd>
<Prtry>
<Cd>NOTPROVIDED</Cd>
</Prtry>
</BkTxCd>
<NtryDtls>
<TxDtls>
<Refs>
<InstrId>FT26138077102250</InstrId>
<EndToEndId>0052026</EndToEndId>
<TxId>CR213228060273594000001</TxId>
</Refs>
<RltdPties>
<Dbtr>
<Pty>
<Nm>ROMBO MATEJ</Nm>
<PstlAdr>
<Ctry>SI</Ctry>
<AdrLine>ROZNA DOLINA CESTA II 25  LJUBLJANA</AdrLine>
<AdrLine>-</AdrLine>
</PstlAdr>
</Pty>
</Dbtr>
<DbtrAcct>
<Id>
<IBAN>SI56020193471336003</IBAN>
</Id>
</DbtrAcct>
<Cdtr>
<Pty>
<Nm>SIM 83 - SIMULATORJI VOŽNJE, MIHA K ADIŠ S.P.</Nm>
<PstlAdr>
<Ctry>SI</Ctry>
<AdrLine>DOBJA VAS 253</AdrLine>
<AdrLine>2390 RAVNE NA KOROŠKEM</AdrLine>
</PstlAdr>
</Pty>
</Cdtr>
<CdtrAcct>
<Id>
<IBAN>SI56024530264377270</IBAN>
</Id>
</CdtrAcct>
</RltdPties>
<RltdAgts>
<DbtrAgt>
<FinInstnId>
<BICFI>LJBASI2X</BICFI>
</FinInstnId>
</DbtrAgt>
<CdtrAgt>
<FinInstnId>
<BICFI>LJBASI2X</BICFI>
</FinInstnId>
</CdtrAgt>
</RltdAgts>
<Purp>
<Prtry>OTHR</Prtry>
</Purp>
<RmtInf>
<Strd>
<CdtrRefInf>
<Ref>SI000052026</Ref>
</CdtrRefInf>
<AddtlRmtInf>PLACILO RACUNA 005-2026</AddtlRmtInf>
</Strd>
</RmtInf>
<RltdDts>
<IntrBkSttlmDt>2026-05-17</IntrBkSttlmDt>
</RltdDts>
</TxDtls>
</NtryDtls>
</Ntry>
<Ntry>
<NtryRef>FT26138673372809/213238727231166/3</NtryRef>
<Amt Ccy="EUR">60.68</Amt>
<CdtDbtInd>DBIT</CdtDbtInd>
<Sts>
<Cd>BOOK</Cd>
</Sts>
<BookgDt>
<Dt>2026-05-18</Dt>
</BookgDt>
<ValDt>
<Dt>2026-05-18</Dt>
</ValDt>
<AcctSvcrRef>DR213238727231166000003</AcctSvcrRef>
<BkTxCd>
<Prtry>
<Cd>NOTPROVIDED</Cd>
</Prtry>
</BkTxCd>
<Chrgs>
<Rcrd>
<Amt Ccy="EUR">1.05</Amt>
</Rcrd>
</Chrgs>
<NtryDtls>
<TxDtls>
<Refs>
<InstrId>FT26138673372809</InstrId>
<EndToEndId>NOTPROVIDED</EndToEndId>
<TxId>DR213238727231166000003</TxId>
</Refs>
<RltdPties>
<Dbtr>
<Pty>
<Nm>SIM 83 - SIMULATORJI VOŽNJE, MIHA K ADIŠ S.P.</Nm>
<PstlAdr>
<Ctry>SI</Ctry>
<AdrLine>DOBJA VAS 253</AdrLine>
<AdrLine>2390 RAVNE NA KOROŠKEM</AdrLine>
</PstlAdr>
</Pty>
</Dbtr>
<DbtrAcct>
<Id>
<IBAN>SI56024530264377270</IBAN>
</Id>
</DbtrAcct>
<Cdtr>
<Pty>
<Nm>JKP RAVNE NA KOROSKEM D.O.O.</Nm>
<PstlAdr>
<Ctry>SI</Ctry>
<AdrLine>GACNIKOVA POT 5  RAVNE NA KOROSKEM</AdrLine>
<AdrLine>-</AdrLine>
</PstlAdr>
</Pty>
</Cdtr>
<CdtrAcct>
<Id>
<IBAN>SI56610000028825934</IBAN>
</Id>
</CdtrAcct>
</RltdPties>
<RltdAgts>
<DbtrAgt>
<FinInstnId>
<BICFI>LJBASI2X</BICFI>
</FinInstnId>
</DbtrAgt>
<CdtrAgt>
<FinInstnId>
<BICFI>HDELSI22</BICFI>
</FinInstnId>
</CdtrAgt>
</RltdAgts>
<Purp>
<Prtry>GDSV</Prtry>
</Purp>
<RmtInf>
<Strd>
<CdtrRefInf>
<Ref>SI125600480648382</Ref>
</CdtrRefInf>
<AddtlRmtInf>PLACILO RACUNA ST. 2624838</AddtlRmtInf>
</Strd>
</RmtInf>
<RltdDts>
<IntrBkSttlmDt>2026-05-18</IntrBkSttlmDt>
</RltdDts>
</TxDtls>
</NtryDtls>
</Ntry>
<Ntry>
<NtryRef>CH234315973620260518</NtryRef>
<Amt Ccy="EUR">1.05</Amt>
<CdtDbtInd>DBIT</CdtDbtInd>
<Sts>
<Cd>BOOK</Cd>
</Sts>
<BookgDt>
<Dt>2026-05-18</Dt>
</BookgDt>
<ValDt>
<Dt>2026-05-18</Dt>
</ValDt>
<AcctSvcrRef>CH234315973620260518</AcctSvcrRef>
<BkTxCd>
<Prtry>
<Cd>NOTPROVIDED</Cd>
</Prtry>
</BkTxCd>
<NtryDtls>
<TxDtls>
<Refs>
<InstrId>FT26138673372809</InstrId>
<EndToEndId>18052026</EndToEndId>
<TxId>CH234315973620260518</TxId>
</Refs>
<RltdPties>
<Dbtr>
<Pty>
<Nm>SIM 83 - SIMULATORJI VOŽNJE, MIHA K ADIŠ S.P.</Nm>
<PstlAdr>
<Ctry>SI</Ctry>
<AdrLine>DOBJA VAS 253</AdrLine>
<AdrLine>2390 RAVNE NA KOROŠKEM</AdrLine>
</PstlAdr>
</Pty>
</Dbtr>
<DbtrAcct>
<Id>
<IBAN>SI56024530264377270</IBAN>
</Id>
</DbtrAcct>
<Cdtr>
<Pty>
<Nm>NOVA LJUBLJANSKA BANKA D.D.</Nm>
<PstlAdr>
<Ctry>SI</Ctry>
<AdrLine>TRG REPUBLIKE 2 1520 LJUBLJANA</AdrLine>
<AdrLine>-</AdrLine>
</PstlAdr>
</Pty>
</Cdtr>
<CdtrAcct>
<Id>
<IBAN>SI56029000000200020</IBAN>
</Id>
</CdtrAcct>
</RltdPties>
<RltdAgts>
<DbtrAgt>
<FinInstnId>
<BICFI>LJBASI2X</BICFI>
</FinInstnId>
</DbtrAgt>
<CdtrAgt>
<FinInstnId>
<BICFI>LJBASI2X</BICFI>
</FinInstnId>
</CdtrAgt>
</RltdAgts>
<Purp>
<Prtry>A3011</Prtry>
</Purp>
<RmtInf>
<Strd>
<CdtrRefInf>
<Ref>SI00</Ref>
</CdtrRefInf>
<AddtlRmtInf>PROVIZIJA</AddtlRmtInf>
</Strd>
</RmtInf>
<RltdDts>
<IntrBkSttlmDt>2026-05-18</IntrBkSttlmDt>
</RltdDts>
</TxDtls>
</NtryDtls>
</Ntry>
</Stmt>
</BkToCstmrStmt>
</Document>
