<?xml version="1.0" encoding="utf-8"?>
<Document xmlns="urn:iso:std:iso:20022:tech:xsd:camt.053.001.08" xmlns:xsi="http://www.w3.org/2001/XMLSchema-instance" xsi:schemaLocation="urn:iso:std:iso:20022:tech:xsd:camt.053.001.08 ./camt.053.001.08.xsd">
<BkToCstmrStmt>
<GrpHdr>
<MsgId>2026-05-20T00.01.11/171678</MsgId>
<CreDtTm>2026-05-20T00:01:11+00:00</CreDtTm>
</GrpHdr>
<Stmt>
<Id>202605193159736SI56024530264377270</Id>
<LglSeqNb>73</LglSeqNb>
<CreDtTm>2026-05-20T00:01:11+00:00</CreDtTm>
<Acct>
<Id>
<IBAN>SI56024530264377270</IBAN>
</Id>
<Ccy>EUR</Ccy>
<Ownr>
<Nm>SIM 83 - SIMULATORJI VOŽNJE, MIHA K ADIŠ S.P.</Nm>
<PstlAdr>
<Ctry>SI</Ctry>
<AdrLine>DOBJA VAS 253</AdrLine>
<AdrLine>2390 RAVNE NA KOROŠKEM</AdrLine>
</PstlAdr>
</Ownr>
</Acct>
<Bal>
<Tp>
<CdOrPrtry>
<Cd>OPBD</Cd>
</CdOrPrtry>
</Tp>
<Amt Ccy="EUR">3979.11</Amt>
<CdtDbtInd>CRDT</CdtDbtInd>
<Dt>
<Dt>2026-05-18</Dt>
</Dt>
</Bal>
<Bal>
<Tp>
<CdOrPrtry>
<Cd>CLBD</Cd>
</CdOrPrtry>
</Tp>
<Amt Ccy="EUR">3420.70</Amt>
<CdtDbtInd>CRDT</CdtDbtInd>
<Dt>
<Dt>2026-05-19</Dt>
</Dt>
</Bal>
<TxsSummry>
<TtlCdtNtries>
<NbOfNtries>0</NbOfNtries>
<Sum>0.00</Sum>
</TtlCdtNtries>
<TtlDbtNtries>
<NbOfNtries>2</NbOfNtries>
<Sum>558.41</Sum>
</TtlDbtNtries>
</TxsSummry>
<Ntry>
<NtryRef>FT26139259480959/213241613476695/2</NtryRef>
<Amt Ccy="EUR">558.00</Amt>
<CdtDbtInd>DBIT</CdtDbtInd>
<Sts>
<Cd>BOOK</Cd>
</Sts>
<BookgDt>
<Dt>2026-05-19</Dt>
</BookgDt>
<ValDt>
<Dt>2026-05-19</Dt>
</ValDt>
<AcctSvcrRef>DR213241613476695010002</AcctSvcrRef>
<BkTxCd>
<Prtry>
<Cd>NOTPROVIDED</Cd>
</Prtry>
</BkTxCd>
<Chrgs>
<Rcrd>
<Amt Ccy="EUR">0.41</Amt>
</Rcrd>
</Chrgs>
<NtryDtls>
<TxDtls>
<Refs>
<InstrId>FT26139259480959</InstrId>
<EndToEndId>NOTPROVIDED</EndToEndId>
<TxId>DR213241613476695010002</TxId>
</Refs>
<RltdPties>
<Dbtr>
<Pty>
<Nm>SIM 83 - SIMULATORJI VOŽNJE, MIHA K ADIŠ S.P.</Nm>
<PstlAdr>
<Ctry>SI</Ctry>
<AdrLine>DOBJA VAS 253</AdrLine>
<AdrLine>2390 RAVNE NA KOROŠKEM</AdrLine>
</PstlAdr>
</Pty>
</Dbtr>
<DbtrAcct>
<Id>
<IBAN>SI56024530264377270</IBAN>
</Id>
</DbtrAcct>
<Cdtr>
<Pty>
<Nm>MIHA KADIS</Nm>
<PstlAdr>
<Ctry>SI</Ctry>
<AdrLine>PRISOJE 63B  PREVALJE</AdrLine>
<AdrLine>-</AdrLine>
</PstlAdr>
</Pty>
</Cdtr>
<CdtrAcct>
<Id>
<IBAN>SI56024534228334068</IBAN>
</Id>
</CdtrAcct>
</RltdPties>
<RltdAgts>
<DbtrAgt>
<FinInstnId>
<BICFI>LJBASI2X</BICFI>
</FinInstnId>
</DbtrAgt>
<CdtrAgt>
<FinInstnId>
<BICFI>LJBASI2X</BICFI>
</FinInstnId>
</CdtrAgt>
</RltdAgts>
<Purp>
<Prtry>REFU</Prtry>
</Purp>
<RmtInf>
<Strd>
<CdtrRefInf>
<Ref>SI99</Ref>
</CdtrRefInf>
<AddtlRmtInf>POSREDOVANJE ZZZS</AddtlRmtInf>
</Strd>
</RmtInf>
<RltdDts>
<IntrBkSttlmDt>2026-05-19</IntrBkSttlmDt>
</RltdDts>
</TxDtls>
</NtryDtls>
</Ntry>
<Ntry>
<NtryRef>CH234315973620260519</NtryRef>
<Amt Ccy="EUR">0.41</Amt>
<CdtDbtInd>DBIT</CdtDbtInd>
<Sts>
<Cd>BOOK</Cd>
</Sts>
<BookgDt>
<Dt>2026-05-19</Dt>
</BookgDt>
<ValDt>
<Dt>2026-05-19</Dt>
</ValDt>
<AcctSvcrRef>CH234315973620260519</AcctSvcrRef>
<BkTxCd>
<Prtry>
<Cd>NOTPROVIDED</Cd>
</Prtry>
</BkTxCd>
<NtryDtls>
<TxDtls>
<Refs>
<InstrId>FT26139259480959</InstrId>
<EndToEndId>19052026</EndToEndId>
<TxId>CH234315973620260519</TxId>
</Refs>
<RltdPties>
<Dbtr>
<Pty>
<Nm>SIM 83 - SIMULATORJI VOŽNJE, MIHA K ADIŠ S.P.</Nm>
<PstlAdr>
<Ctry>SI</Ctry>
<AdrLine>DOBJA VAS 253</AdrLine>
<AdrLine>2390 RAVNE NA KOROŠKEM</AdrLine>
</PstlAdr>
</Pty>
</Dbtr>
<DbtrAcct>
<Id>
<IBAN>SI56024530264377270</IBAN>
</Id>
</DbtrAcct>
<Cdtr>
<Pty>
<Nm>NOVA LJUBLJANSKA BANKA D.D.</Nm>
<PstlAdr>
<Ctry>SI</Ctry>
<AdrLine>TRG REPUBLIKE 2 1520 LJUBLJANA</AdrLine>
<AdrLine>-</AdrLine>
</PstlAdr>
</Pty>
</Cdtr>
<CdtrAcct>
<Id>
<IBAN>SI56029000000200020</IBAN>
</Id>
</CdtrAcct>
</RltdPties>
<RltdAgts>
<DbtrAgt>
<FinInstnId>
<BICFI>LJBASI2X</BICFI>
</FinInstnId>
</DbtrAgt>
<CdtrAgt>
<FinInstnId>
<BICFI>LJBASI2X</BICFI>
</FinInstnId>
</CdtrAgt>
</RltdAgts>
<Purp>
<Prtry>A3011</Prtry>
</Purp>
<RmtInf>
<Strd>
<CdtrRefInf>
<Ref>SI00</Ref>
</CdtrRefInf>
<AddtlRmtInf>PROVIZIJA</AddtlRmtInf>
</Strd>
</RmtInf>
<RltdDts>
<IntrBkSttlmDt>2026-05-19</IntrBkSttlmDt>
</RltdDts>
</TxDtls>
</NtryDtls>
</Ntry>
</Stmt>
</BkToCstmrStmt>
</Document>
