<?xml version="1.0" encoding="utf-8"?>
<Document xmlns="urn:iso:std:iso:20022:tech:xsd:camt.053.001.08" xmlns:xsi="http://www.w3.org/2001/XMLSchema-instance" xsi:schemaLocation="urn:iso:std:iso:20022:tech:xsd:camt.053.001.08 ./camt.053.001.08.xsd">
<BkToCstmrStmt>
<GrpHdr>
<MsgId>2026-05-14T00.01.10/981458</MsgId>
<CreDtTm>2026-05-14T00:01:10+00:00</CreDtTm>
</GrpHdr>
<Stmt>
<Id>202605133159736SI56024530264377270</Id>
<LglSeqNb>70</LglSeqNb>
<CreDtTm>2026-05-14T00:01:10+00:00</CreDtTm>
<Acct>
<Id>
<IBAN>SI56024530264377270</IBAN>
</Id>
<Ccy>EUR</Ccy>
<Ownr>
<Nm>SIM 83 - SIMULATORJI VOŽNJE, MIHA K ADIŠ S.P.</Nm>
<PstlAdr>
<Ctry>SI</Ctry>
<AdrLine>DOBJA VAS 253</AdrLine>
<AdrLine>2390 RAVNE NA KOROŠKEM</AdrLine>
</PstlAdr>
</Ownr>
</Acct>
<Bal>
<Tp>
<CdOrPrtry>
<Cd>OPBD</Cd>
</CdOrPrtry>
</Tp>
<Amt Ccy="EUR">1670.24</Amt>
<CdtDbtInd>CRDT</CdtDbtInd>
<Dt>
<Dt>2026-05-12</Dt>
</Dt>
</Bal>
<Bal>
<Tp>
<CdOrPrtry>
<Cd>CLBD</Cd>
</CdOrPrtry>
</Tp>
<Amt Ccy="EUR">1678.34</Amt>
<CdtDbtInd>CRDT</CdtDbtInd>
<Dt>
<Dt>2026-05-13</Dt>
</Dt>
</Bal>
<TxsSummry>
<TtlCdtNtries>
<NbOfNtries>1</NbOfNtries>
<Sum>54.77</Sum>
</TtlCdtNtries>
<TtlDbtNtries>
<NbOfNtries>1</NbOfNtries>
<Sum>46.67</Sum>
</TtlDbtNtries>
</TxsSummry>
<Ntry>
<NtryRef>FT26133707340085/213186570229130/1</NtryRef>
<Amt Ccy="EUR">46.67</Amt>
<CdtDbtInd>DBIT</CdtDbtInd>
<Sts>
<Cd>BOOK</Cd>
</Sts>
<BookgDt>
<Dt>2026-05-13</Dt>
</BookgDt>
<ValDt>
<Dt>2026-05-11</Dt>
</ValDt>
<AcctSvcrRef>DR213186570229130020001</AcctSvcrRef>
<BkTxCd>
<Prtry>
<Cd>NOTPROVIDED</Cd>
</Prtry>
</BkTxCd>
<NtryDtls>
<TxDtls>
<Refs>
<InstrId>FT26133707340085</InstrId>
<EndToEndId>NOTPROVIDED</EndToEndId>
<TxId>DR213186570229130020001</TxId>
</Refs>
<RltdPties>
<Dbtr>
<Pty>
<Nm>SIM 83 - SIMULATORJI VOŽNJE, MIHA K ADIŠ S.P.</Nm>
<PstlAdr>
<Ctry>SI</Ctry>
<AdrLine>DOBJA VAS 253</AdrLine>
<AdrLine>2390 RAVNE NA KOROŠKEM</AdrLine>
</PstlAdr>
</Pty>
</Dbtr>
<DbtrAcct>
<Id>
<IBAN>SI56024530264377270</IBAN>
</Id>
</DbtrAcct>
<Cdtr>
<Pty>
<Nm>-</Nm>
<PstlAdr>
<Ctry>SI</Ctry>
<AdrLine>-</AdrLine>
<AdrLine>-</AdrLine>
</PstlAdr>
</Pty>
</Cdtr>
<CdtrAcct>
<Id>
<Othr>
<Id>-</Id>
</Othr>
</Id>
</CdtrAcct>
</RltdPties>
<Purp>
<Cd>OTHR</Cd>
</Purp>
<RmtInf>
<Strd>
<CdtrRefInf>
<Ref>SI00</Ref>
</CdtrRefInf>
<AddtlRmtInf>ALIEXPRESSCOM LuxembLuxembourgLUX4466173510263639</AddtlRmtInf>
</Strd>
</RmtInf>
<RltdDts>
<IntrBkSttlmDt>2026-05-11</IntrBkSttlmDt>
</RltdDts>
</TxDtls>
</NtryDtls>
</Ntry>
<Ntry>
<NtryRef>FT26133972407204/213185844829168/1</NtryRef>
<Amt Ccy="EUR">54.77</Amt>
<CdtDbtInd>CRDT</CdtDbtInd>
<Sts>
<Cd>BOOK</Cd>
</Sts>
<BookgDt>
<Dt>2026-05-13</Dt>
</BookgDt>
<ValDt>
<Dt>2026-05-11</Dt>
</ValDt>
<AcctSvcrRef>CR213185844829168020001</AcctSvcrRef>
<BkTxCd>
<Prtry>
<Cd>NOTPROVIDED</Cd>
</Prtry>
</BkTxCd>
<NtryDtls>
<TxDtls>
<Refs>
<InstrId>FT26133972407204</InstrId>
<EndToEndId>NOTPROVIDED</EndToEndId>
<TxId>CR213185844829168020001</TxId>
</Refs>
<RltdPties>
<Dbtr>
<Pty>
<Nm>-</Nm>
<PstlAdr>
<Ctry>SI</Ctry>
<AdrLine>-</AdrLine>
<AdrLine>-</AdrLine>
</PstlAdr>
</Pty>
</Dbtr>
<DbtrAcct>
<Id>
<Othr>
<Id>-</Id>
</Othr>
</Id>
</DbtrAcct>
<Cdtr>
<Pty>
<Nm>SIM 83 - SIMULATORJI VOŽNJE, MIHA K ADIŠ S.P.</Nm>
<PstlAdr>
<Ctry>SI</Ctry>
<AdrLine>DOBJA VAS 253</AdrLine>
<AdrLine>2390 RAVNE NA KOROŠKEM</AdrLine>
</PstlAdr>
</Pty>
</Cdtr>
<CdtrAcct>
<Id>
<IBAN>SI56024530264377270</IBAN>
</Id>
</CdtrAcct>
</RltdPties>
<Purp>
<Cd>OTHR</Cd>
</Purp>
<RmtInf>
<Strd>
<CdtrRefInf>
<Ref>SI00</Ref>
</CdtrRefInf>
<AddtlRmtInf>ALIEXPRESSCOM LuxembLuxembourgLUX4466173510263639</AddtlRmtInf>
</Strd>
</RmtInf>
<RltdDts>
<IntrBkSttlmDt>2026-05-11</IntrBkSttlmDt>
</RltdDts>
</TxDtls>
</NtryDtls>
</Ntry>
</Stmt>
</BkToCstmrStmt>
</Document>
