<?xml version="1.0" encoding="utf-8"?>
<Document xmlns="urn:iso:std:iso:20022:tech:xsd:camt.053.001.08" xmlns:xsi="http://www.w3.org/2001/XMLSchema-instance" xsi:schemaLocation="urn:iso:std:iso:20022:tech:xsd:camt.053.001.08 ./camt.053.001.08.xsd">
<BkToCstmrStmt>
<GrpHdr>
<MsgId>2026-05-08T00.01.09/503736</MsgId>
<CreDtTm>2026-05-08T00:01:09+00:00</CreDtTm>
</GrpHdr>
<Stmt>
<Id>202605073159736SI56024530264377270</Id>
<LglSeqNb>68</LglSeqNb>
<CreDtTm>2026-05-08T00:01:09+00:00</CreDtTm>
<Acct>
<Id>
<IBAN>SI56024530264377270</IBAN>
</Id>
<Ccy>EUR</Ccy>
<Ownr>
<Nm>SIM 83 - SIMULATORJI VOŽNJE, MIHA K ADIŠ S.P.</Nm>
<PstlAdr>
<Ctry>SI</Ctry>
<AdrLine>DOBJA VAS 253</AdrLine>
<AdrLine>2390 RAVNE NA KOROŠKEM</AdrLine>
</PstlAdr>
</Ownr>
</Acct>
<Bal>
<Tp>
<CdOrPrtry>
<Cd>OPBD</Cd>
</CdOrPrtry>
</Tp>
<Amt Ccy="EUR">1631.08</Amt>
<CdtDbtInd>CRDT</CdtDbtInd>
<Dt>
<Dt>2026-05-05</Dt>
</Dt>
</Bal>
<Bal>
<Tp>
<CdOrPrtry>
<Cd>CLBD</Cd>
</CdOrPrtry>
</Tp>
<Amt Ccy="EUR">1678.23</Amt>
<CdtDbtInd>CRDT</CdtDbtInd>
<Dt>
<Dt>2026-05-07</Dt>
</Dt>
</Bal>
<TxsSummry>
<TtlCdtNtries>
<NbOfNtries>1</NbOfNtries>
<Sum>240.00</Sum>
</TtlCdtNtries>
<TtlDbtNtries>
<NbOfNtries>1</NbOfNtries>
<Sum>192.85</Sum>
</TtlDbtNtries>
</TxsSummry>
<Ntry>
<NtryRef>FT26127900800362/213127020834172/1</NtryRef>
<Amt Ccy="EUR">192.85</Amt>
<CdtDbtInd>DBIT</CdtDbtInd>
<Sts>
<Cd>BOOK</Cd>
</Sts>
<BookgDt>
<Dt>2026-05-07</Dt>
</BookgDt>
<ValDt>
<Dt>2026-05-07</Dt>
</ValDt>
<AcctSvcrRef>DR213127020834172010001</AcctSvcrRef>
<BkTxCd>
<Prtry>
<Cd>NOTPROVIDED</Cd>
</Prtry>
</BkTxCd>
<NtryDtls>
<TxDtls>
<Refs>
<InstrId>FT26127900800362</InstrId>
<EndToEndId>NOTPROVIDED</EndToEndId>
<TxId>DR213127020834172010001</TxId>
</Refs>
<RltdPties>
<Dbtr>
<Pty>
<Nm>SIM 83 - SIMULATORJI VOŽNJE, MIHA K ADIŠ S.P.</Nm>
<PstlAdr>
<Ctry>SI</Ctry>
<AdrLine>DOBJA VAS 253</AdrLine>
<AdrLine>2390 RAVNE NA KOROŠKEM</AdrLine>
</PstlAdr>
</Pty>
</Dbtr>
<DbtrAcct>
<Id>
<IBAN>SI56024530264377270</IBAN>
</Id>
</DbtrAcct>
<Cdtr>
<Pty>
<Nm>MIHA KADIS</Nm>
<PstlAdr>
<Ctry>SI</Ctry>
<AdrLine>PRISOJE 63B  PREVALJE</AdrLine>
<AdrLine>-</AdrLine>
</PstlAdr>
</Pty>
</Cdtr>
<CdtrAcct>
<Id>
<IBAN>SI56024534228334068</IBAN>
</Id>
</CdtrAcct>
</RltdPties>
<RltdAgts>
<DbtrAgt>
<FinInstnId>
<BICFI>LJBASI2X</BICFI>
</FinInstnId>
</DbtrAgt>
<CdtrAgt>
<FinInstnId>
<BICFI>LJBASI2X</BICFI>
</FinInstnId>
</CdtrAgt>
</RltdAgts>
<Purp>
<Prtry>REFU</Prtry>
</Purp>
<RmtInf>
<Strd>
<CdtrRefInf>
<Ref>SI99</Ref>
</CdtrRefInf>
<AddtlRmtInf>POSREDOVANJE ZZZS</AddtlRmtInf>
</Strd>
</RmtInf>
<RltdDts>
<IntrBkSttlmDt>2026-05-07</IntrBkSttlmDt>
</RltdDts>
</TxDtls>
</NtryDtls>
</Ntry>
<Ntry>
<NtryRef>FT26127488032410/213120977050183/1</NtryRef>
<Amt Ccy="EUR">240.00</Amt>
<CdtDbtInd>CRDT</CdtDbtInd>
<Sts>
<Cd>BOOK</Cd>
</Sts>
<BookgDt>
<Dt>2026-05-07</Dt>
</BookgDt>
<ValDt>
<Dt>2026-05-07</Dt>
</ValDt>
<AcctSvcrRef>CR213120977050183010001</AcctSvcrRef>
<BkTxCd>
<Prtry>
<Cd>NOTPROVIDED</Cd>
</Prtry>
</BkTxCd>
<NtryDtls>
<TxDtls>
<Refs>
<InstrId>FT26127488032410</InstrId>
<EndToEndId>0101620263806</EndToEndId>
<TxId>CR213120977050183010001</TxId>
</Refs>
<RltdPties>
<Dbtr>
<Pty>
<Nm>ZRCK</Nm>
<PstlAdr>
<Ctry>SI</Ctry>
<AdrLine>OB SUHI 011 A  RAVNE NA KOROSKEM</AdrLine>
<AdrLine>-</AdrLine>
</PstlAdr>
</Pty>
</Dbtr>
<DbtrAcct>
<Id>
<IBAN>SI56013036030923667</IBAN>
</Id>
</DbtrAcct>
<Cdtr>
<Pty>
<Nm>SIM 83 - SIMULATORJI VOŽNJE, MIHA K ADIŠ S.P.</Nm>
<PstlAdr>
<Ctry>SI</Ctry>
<AdrLine>DOBJA VAS 253</AdrLine>
<AdrLine>2390 RAVNE NA KOROŠKEM</AdrLine>
</PstlAdr>
</Pty>
</Cdtr>
<CdtrAcct>
<Id>
<IBAN>SI56024530264377270</IBAN>
</Id>
</CdtrAcct>
</RltdPties>
<RltdAgts>
<DbtrAgt>
<FinInstnId>
<BICFI>BSLJSI2XXXX</BICFI>
</FinInstnId>
</DbtrAgt>
<CdtrAgt>
<FinInstnId>
<BICFI>LJBASI2XXXX</BICFI>
</FinInstnId>
</CdtrAgt>
</RltdAgts>
<Purp>
<Prtry>GDSV</Prtry>
</Purp>
<RmtInf>
<Strd>
<CdtrRefInf>
<Ref>SI120101620263806</Ref>
</CdtrRefInf>
<AddtlRmtInf>KUPOPRODAJA BLAGA IN STORITVE</AddtlRmtInf>
</Strd>
</RmtInf>
<RltdDts>
<IntrBkSttlmDt>2026-05-07</IntrBkSttlmDt>
</RltdDts>
</TxDtls>
</NtryDtls>
</Ntry>
</Stmt>
</BkToCstmrStmt>
</Document>
